@article{harper2015movielens,
  title={The MovieLens Datasets: History and Context},
  author={Harper, F. Maxwell and Konstan, Joseph A.},
  journal={ACM Transactions on Interactive Intelligent Systems (TiiS)},
  volume={5},
  number={4},
  year={2015},
  publisher={ACM},
  doi={10.1145/2827872}
}

@inproceedings{hu2008collaborative,
  title={Collaborative filtering for implicit feedback datasets},
  author={Hu, Yifan and Koren, Yehuda and Volinsky, Chris},
  booktitle={2008 Eighth IEEE International Conference on Data Mining},
  pages={263--272},
  year={2008},
  organization={IEEE},
  doi={10.1109/ICDM.2008.22}
}

@article{raffel2020exploring,
  title={Exploring the Limits of Transfer Learning with a Unified Text-to-Text Transformer},
  author={Raffel, Colin and Shazeer, Noam and Roberts, Adam and others},
  journal={Journal of Machine Learning Research},
  volume={21},
  number={140},
  pages={1--67},
  year={2020}
}

@misc{deepseek2024api,
  author       = {DeepSeek AI},
  title        = {DeepSeek API Documentation},
  howpublished = {https://platform.deepseek.com},
  year         = {2024},
  note         = {Accessed: 2025-04-26}
}

@misc{langchain2023framework,
  author       = {Harrison Chase},
  title        = {LangChain: Building Applications with LLMs through Composability},
  howpublished = {https://github.com/langchain-ai/langchain},
  year         = {2023},
  note         = {Accessed: 2025-04-26}
}

@inproceedings{wang2013learning,
  title={Learning to Rank for Information Retrieval},
  author={Wang, Tie-Yan and others},
  booktitle={Foundations and Trends in Information Retrieval},
  volume={3},
  number={3},
  pages={225--331},
  year={2013},
  publisher={Now Publishers Inc}
}
